@article{topQuarkObservation,
      author         = "Abe, F. and others",
      title          = "{Observation of top quark production in $\bar{p}p$
                        collisions}",
      collaboration  = "CDF Collaboration",
      journal        = "Phys. Rev. Lett.",
      volume         = "74",
      pages          = "2626-2631",
      doi            = "10.1103/PhysRevLett.74.2626",
      year           = "1995",
      eprint         = "hep-ex/9503002",
      archivePrefix  = "arXiv",
      primaryClass   = "hep-ex",
      reportNumber   = "FERMILAB-PUB-95-022-E, CDF-PUB-TOP-PUBLIC-3040,
                        ANL-HEP-PR-95-44",
      SLACcitation   = "%%CITATION = HEP-EX/9503002;%%",
}

@article{pdg,
      author         = "{J. Beringer et. al. (Particle Data Group)}",
      title          = "{Review of Particle Physics (RPP)}",
      collaboration  = "Particle Data Group",
      journal        = "Phys. Rev.",
      volume         = "D86",
      pages          = "010001",
      doi            = "10.1103/PhysRevD.86.010001",
      year           = "2012",
      SLACcitation   = "%%CITATION = PHRVA,D86,010001;%%",
}

